@article{block2008using,
  title={Using reinforcement learning in chess engines},
  author={Block, Marco and Bader, Maro and Tapia, Ernesto and Ram{\'\i}rez, Marte and Gunnarsson, Ketill and Cuevas, Erik and Zaldivar, Daniel and Rojas, Ral},
  journal={Research in Computing Science},
  volume={35},
  pages={31--40},
  year={2008}
}

@inproceedings{baxter1997knightcap,
  title={Knightcap: A chess program that learns by combining TD () with minimax search},
  author={Baxter, Jonathan and Tridgell, Andrew and Weaver, Lex},
  booktitle={Proceeding 15th International Conference on Machine Learning},
  pages={28--36},
  year={1997}
}

@inproceedings{tridgell1997knightcap,
  title={KnightCap-a parallel chess program on the AP1000},
  author={Tridgell, Andrew},
  booktitle={Proceedings of the Seventh Fujitsu Parallel Computing Workshop},
  year={1997}
}

@book{gherrity1993game,
  title={A game-learning machine},
  author={Gherrity, Michael},
  year={1993},
  publisher={University of California, San Diego}
}

@article{v1928theorie,
  title={Zur theorie der gesellschaftsspiele},
  author={v. Neumann, J},
  journal={Mathematische annalen},
  volume={100},
  number={1},
  pages={295--320},
  year={1928},
  publisher={Springer}
}

@incollection{harris1988heuristic,
  title={The heuristic search and the game of chess. a study of quiescence, sacrifices, and plan oriented play},
  author={Harris, Larry},
  booktitle={Computer chess compendium},
  pages={136--142},
  year={1988},
  publisher={Springer}
}

@misc{silver2017mastering,
      title={Mastering Chess and Shogi by Self-Play with a General Reinforcement Learning Algorithm}, 
      author={David Silver and Thomas Hubert and Julian Schrittwieser and Ioannis Antonoglou and Matthew Lai and Arthur Guez and Marc Lanctot and Laurent Sifre and Dharshan Kumaran and Thore Graepel and Timothy Lillicrap and Karen Simonyan and Demis Hassabis},
      year={2017},
      eprint={1712.01815},
      archivePrefix={arXiv},
      primaryClass={cs.AI}
}

@inproceedings{coulom2009monte,
  title={The monte-carlo revolution in go},
  author={Coulom, R{\'e}mi},
  booktitle={The Japanese-French Frontiers of Science Symposium (JFFoS 2008), Roscoff, France},
  volume={115},
  year={2009}
}
